@inproceedings{openvslam2019,
    author = {Sumikura, Shinya and Shibuya, Mikiya and Sakurada, Ken},
    title = {{OpenVSLAM: A Versatile Visual SLAM Framework}},
    booktitle = {Proceedings of the 27th ACM International Conference on Multimedia},
    series = {MM '19},
    year = {2019},
    isbn = {978-1-4503-6889-6},
    location = {Nice, France},
    pages = {2292--2295},
    numpages = {4},
    url = {http://doi.acm.org/10.1145/3343031.3350539},
    doi = {10.1145/3343031.3350539},
    acmid = {3350539},
    publisher = {ACM},
    address = {New York, NY, USA}
}

@inproceedings{grisetti2011g2o,
    title={g2o: a general framework for (hyper) graph optimization},
    author={Grisetti, Giorgio and K{\"u}mmerle, Rainer and Strasdat, Hauke and Konolige, Kurt},
    booktitle={Proceedings of the IEEE International Conference on Robotics and Automation (ICRA), Shanghai, China},
    pages={9--13},
    year={2011}
}

@inproceedings{rublee2011orb,
    title={{ORB: An efficient alternative to SIFT or SURF}},
    author={Rublee, Ethan and Rabaud, Vincent and Konolige, Kurt and Bradski, Gary},
    booktitle={2011 International conference on computer vision},
    pages={2564--2571},
    year={2011},
    organization={Ieee}
}
